2760 4868
400 364 533 418 INDEX
555 368 738 422 CAPITUM
760 371 875 422 LIBRI
897 372 949 421 DE
971 371 1080 421 clvu.

568 616 625 656 SUB
646 617 765 657 TITULO
788 618 923 658 tntnnutl.

219 798 248 854 5.
269 792 316 851 De
330 793 431 852 Causis
445 800 474 850 et
488 791 680 851 Generatinne
694 792 824 851 Civitatis
924 826 935 838 ·
1014 827 1026 837 -
1104 826 1117 839 ·
1196 826 1207 838 ·
1226 797 1287 852 209

219 902 249 957 6.
268 896 315 955 De
328 897 400 956 Jure
414 894 483 972 ejus,
497 895 556 952 sive
567 895 688 954 Consilii
700 896 761 952 sive
774 895 909 953 Hominis
920 897 1011 965 unius,
1022 897 1072 972 qui
1086 896 1114 952 in
1130 892 1207 951 Civi-

317 1009 375 1059 tate
389 1018 456 1058 aum
468 1017 580 1057 summa
593 999 737 1057 Potestate
750 1008 793 1057 est
833 1031 1208 1045 ·····
1227 1003 1285 1059 ‘216

219 1106 247 1169 7.
267 1103 314 1163 De
327 1105 419 1162 tribus
439 1101 596 1161 Civitatum
617 1101 782 1179 Speciebus,
802 1100 996 1173 Democratia,
1009 1104 1207 1172 Ansroeratia,

191 1241 193 1246 ·
317 1208 489 1267 Monarchia
559 1239 1206 1254 ········
1227 1211 1285 1267 ‘235

219 1317 249 1371 8.
269 1311 316 1371 Da
329 1313 401 1372 Jure
415 1311 606 1371 Dominarum
620 1313 649 1369 in
665 1311 767 1370 Servos
830 1343 1207 1356 ·····
1227 1314 1287 1371 249

219 1423 248 1479 9.
269 1415 317 1475 De
329 1416 401 1476 Jure
415 1414 571 1474 Parentum
584 1417 613 1473 in
627 1413 757 1481 Liberos,
770 1422 800 1473 et
812 1414 848 1473 de
862 1413 966 1491 Regno
980 1413 1175 1472 Patrimoniali
1195 1445 1208 1458 ·
1227 1418 1286 1475 254

201 1522 248 1581 10.
270 1519 437 1597 specierum
449 1519 536 1578 trium
557 1516 696 1590 Civitatis,
715 1518 812 1596 quoad
830 1518 1019 1588 incommoda.
1032 1519 1207 1594 singularum

317 1623 503 1702 Comparatio
560 1653 1207 1670 ········
1225 1625 1286 1682 264

202 1733 249 1788 11.
268 1727 350 1787 Losa
369 1737 399 1787 et
420 1728 561 1805 Exempla
579 1728 735 1805 Scripturas
757 1727 853 1786 Sseroe
870 1728 906 1785 de
928 1727 1000 1787 Jure
1021 1725 1125 1803 Regni,
1143 1746 1208 1803 qum

317 1834 443 1892 secunda
455 1834 589 1892 videntur
601 1833 751 1891 antedictis
833 1864 1207 1877 ·····
1227 1834 1285 1893 278

202 1940 248 1997 12.
269 1936 317 1996 De
329 1937 431 1997 Causis
443 1939 562 1997 internis
576 1937 729 1998 Civitatem
742 1935 959 1995 dissolventibus
1015 1968 1027 1979 -
1105 1968 1117 1981 ·
1196 1968 1208 1978 ·
1228 1938 1287 1992 284

202 2046 248 2103 18.
267 2041 316 2100 De
328 2040 440 2101 Officiis
452 2060 553 2100 eorum
566 2043 617 2119 qui
626 2059 769 2099 summum
783 2040 939 2116 Imperium
951 2038 1150 2097 administrant
1195 2072 1207 2084 ·
1227 2041 1285 2100 297

200 2150 247 2207 14.
268 2147 315 2206 ne
327 2146 456 2224 Legibus
469 2155 498 2205 et
511 2145 642 2207 neena
739 2176 1209 2192 ------
1228 2147 1282 2202 su

536 2370 594 2411 SUB
616 2369 733 2410 'HTULO
755 2367 947 2409 nantelmus.

201 2485 246 2541 16.
267 2479 314 2539 De
328 2480 431 2557 Regno
444 2479 502 2538 Dei
515 2499 568 2556 per
580 2478 720 2539 Naturam
742 2509 1208 2525 ······
1228 2482 1280 2536 331

200 2588 248 2645 16.
268 2582 315 2642 De
330 2583 432 2662 Regno
446 2585 502 2643 Dei
516 2604 568 2661 per
581 2585 701 2644 Pactum
716 2584 808 2642 Vetus
831 2614 1208 2628 ·····
1228 2587 1281 2642 351

201 2692 248 2753 17.
267 2688 314 2748 De
329 2688 430 2767 Regno
445 2690 502 2749 Dei
515 2710 567 2767 per
580 2690 700 2750 Paetum
715 2688 831 2748 Novum
920 2720 932 2733 ·
1012 2722 1023 2733 -
1101 2721 1113 2732 ·
1196 2723 1208 2734 ·
1228 2690 1287 2751 372

201 2797 247 2853 18.
267 2794 315 2853 De
329 2794 503 2853 Necessariis
515 2796 552 2854 ad
566 2795 717 2854 introitum
731 2796 760 2851 in
776 2794 910 2872 Regnum
924 2794 1070 2853 Coelorum
1105 2826 1116 2838 ·
1196 2827 1207 2838 -
1227 2797 1286 2851 414
