2760 4868
194 325 248 376 nu
268 325 410 376 nuouo
431 325 502 375 nur
523 324 602 376 rus
624 324 790 376 sacrum
811 325 959 376 varus
1029 312 1096 376 351

55 494 194 567 minem
212 516 292 565 esse
310 516 520 588 supremum
540 516 679 587 regem,
698 494 761 588 qui
779 495 911 566 absens
929 507 1104 599 regnaret

55 633 123 706 per
137 631 353 704 proregem3
382 618 513 680 contra
530 632 640 704 quem
655 621 854 704 peccarent
872 610 1021 705 quidem
1038 609 1103 697 illi,

54 721 120 817 qui
145 721 295 816 proregi
319 744 394 792 nou
416 720 609 793 obedirent
631 721 670 793 in
693 722 874 811 omnibus,
894 735 1048 819 excepto
1074 723 1104 795 si

56 857 214 930 regnum
227 833 379 929 sibiipsi
392 845 593 928 arrogaret,
606 834 666 906 vel
683 835 745 906 alii
760 834 907 907 tradere
924 836 1103 918 voluerit;

56 947 110 1020 illi
127 971 216 1020 vero
242 946 304 1041 qui
332 947 384 1018 ita
405 947 573 1019 absolute
591 947 711 1020 eidem
729 949 934 1035 obedirent,
953 951 1105 1022 utillud

57 1086 132 1134 non
151 1060 375 1156 exciperent,
393 1060 447 1133 rei
463 1062 667 1156 majestatis
687 1062 910 1136 dicerentur.

439 1463 602 1538 CAPUT
627 1465 728 1538 XVI.

253 1635 299 1684 Dr:
317 1636 439 1686 REGNO
457 1638 522 1688 DEI
541 1639 611 1687 PER
629 1640 773 1690 PACTUM
792 1640 917 1690 VETUS.

63 1767 88 1820 1.
109 1760 217 1819 Veram
240 1762 416 1839 religionem,
438 1766 640 1841 superstitione
653 1775 765 1824 exterus
788 1769 920 1826 nationes
938 1778 1108 1846 occupante,

99 1854 224 1910 instituit
236 1851 319 1910 Deus
331 1873 383 1929 per
394 1856 603 1914 Abrahamum.
641 1862 669 1916 2.
690 1858 780 1915 Paeto
795 1860 869 1916 inter
877 1859 975 1917 Deum
985 1871 1015 1918 et
1028 1861 1108 1918 Ada-

99 1963 180 2001 mum
195 1946 340 2020 prohibita
353 1954 397 2004 est
409 1948 565 2024 disputatio
576 1951 760 2008 demandatis
771 1952 961 2026 superiorum.
981 1957 1009 2011 3.
1025 1952 1107 2010 Paeti

100 2037 176 2092 inter
196 2035 294 2093 Deum
317 2045 347 2094 et
359 2035 560 2096 Abrahamum
581 2040 714 2098 formula.
755 2046 783 2100 4.
805 2041 839 2098 In
854 2052 939 2117 pacto
953 2043 1002 2100 illo
1016 2045 1108 2100 conti·

101 2137 188 2184 netur
201 2128 309 2204 agnitio
323 2127 381 2186 Dei
395 2148 453 2186 non
467 2131 642 2207 simpliciter,
656 2133 707 2188 sed
728 2132 853 2209 ejusqui
867 2137 1000 2209 apparuit
1013 2134 1109 2191 Abra·

100 2219 197 2275 hamo.
236 2221 265 2278 5.
296 2217 399 2296 Leges,
427 2223 533 2296 quibus
560 2224 744 2280 Abrahamus
771 2225 932 2294 tenebatur,
959 2225 1023 2283 aliae
1050 2244 1108 2282 non

100 2318 185 2367 erant
198 2318 303 2384 praeter
316 2310 393 2386 leges
407 2320 525 2380 naturae,
539 2319 569 2369 et
582 2313 675 2389 legem
689 2316 924 2372 circumcisionis.
964 2320 993 2375 6.
1014 2317 1108 2372 Abra·

101 2401 205 2458 hamus
219 2402 300 2458 verbi
321 2402 379 2460 Dei
390 2411 420 2460 ot
441 2403 538 2479 legum
559 2406 688 2461 omnium
706 2407 784 2482 apud
804 2424 871 2463 suos
885 2408 1025 2483 interpres
1038 2415 1108 2464 erat.

101 2496 131 2556 7.
153 2493 267 2552 Subditi
291 2495 450 2552 Abrahami
470 2513 591 2571 peccare
614 2515 671 2553 non
694 2506 851 2572 potuerunt
870 2499 924 2573 ipsi
938 2499 1108 2555 obediendo.

100 2589 130 2642 8.
154 2584 276 2642 Pactum
298 2586 355 2644 Dei
375 2605 441 2644 cum
462 2587 569 2663 populo
589 2586 719 2645 Hebroeo
743 2589 779 2646 ad
804 2599 931 2647 montem
953 2589 1041 2648 Sinai.
1081 2594 1110 2651 9.

102 2676 177 2734 Inde
199 2677 325 2752 regimen
349 2678 407 2736 Dei
431 2697 535 2735 nomen
558 2680 640 2755 regni
660 2681 793 2737 sortitum
807 2689 859 2738 est.
902 2686 947 2741 10.
969 2683 1109 2746 Quanam

101 2769 182 2844 leges
194 2768 213 2827 J
216 2768 305 2826 udaeis
318 2787 336 2825 a
349 2769 415 2827 Deo
429 2771 569 2844 imposita
586 2772 652 2827 sint.
695 2776 740 2830 11.
763 2772 841 2836 Quid
854 2774 899 2841 sit,
914 2781 943 2830 et
964 2775 1110 2849 quomodo

102 2861 338 2936 cognoscendum
353 2863 473 2918 verbum
482 2860 549 2919 Dci.
583 2866 629 2920 12.
650 2862 804 2926 Quodnam
817 2863 906 2922 suerit
919 2868 1039 2923 verbum
1052 2866 1111 2925 Dei

101 2954 244 3027 scriptum
258 2953 334 3027 apud
347 2952 367 3011 J
370 2954 475 3010 udaeos.
517 2957 563 3014 13.
584 2953 760 3012 Potestatem
774 2956 980 3031 interpretandi
990 2959 1110 3016 verbnm

104 3043 173 3112 Dei,
184 3053 214 3101 et
226 3062 367 3101 summam
380 3052 551 3119 potestatem
565 3045 679 3102 civilem
692 3046 859 3122 conjunctas
873 3047 961 3106 fuisse
972 3051 1000 3106 iu
1016 3049 1111 3117 Mose,

100 3136 175 3193 dum
189 3137 306 3194 viveret.
347 3140 393 3195 14.
416 3136 539 3193 Easdem
553 3136 720 3213 conjunctas
734 3138 821 3196 fuisse
842 3141 870 3195 in
885 3159 997 3198 summo
1018 3161 1110 3199 sacer-

102 3228 182 3296 dote,
196 3229 310 3287 vivente
323 3229 422 3288 Josua.
462 3233 507 3289 15.
529 3228 653 3287 Easdem
672 3229 840 3307 conjunctas
854 3230 942 3289 fuisse
955 3233 984 3289 in
998 3251 1110 3290 summo

101 3320 253 3378 sacerdote
273 3341 365 3398 usque
385 3322 423 3379 ad
447 3322 563 3381 Saulem
586 3341 694 3398 regern.
738 3327 784 3383 16.
806 3322 930 3380 Easdem
944 3325 1112 3400 conjunctas

105 3412 195 3470 luisse
209 3415 237 3470 in
253 3416 368 3490 regibus
383 3415 523 3491 usquead
539 3416 743 3491 captivitatem.
778 3416 825 3477 17.
847 3414 970 3472 Easdem
981 3415 1068 3472 fuisse
1082 3415 1111 3472 in

103 3506 303 3564 sacerdotibus
326 3517 391 3582 post
415 3509 619 3582 captivitatem.
663 3511 709 3566 18.
732 3506 821 3582 Apud
843 3507 970 3575 Judaeos,
995 3508 1111 3584 negatio

103 3599 293 3673 providentias
307 3598 412 3656 divinae
426 3609 455 3656 et
475 3599 635 3657 idololatria
647 3599 707 3657 sola
720 3606 803 3656 erant
816 3598 936 3656 crimina
956 3600 1031 3657 laesae
1052 3619 1112 3658 ma·

99 3689 214 3766 jestatis
231 3691 353 3758 divinae3
379 3692 408 3747 in
433 3693 544 3748 cacteris
567 3693 710 3761 omnibus,
732 3692 911 3767 principibus
931 3694 990 3750 suis
1011 3712 1112 3769 parere

105 3782 260 3839 debebant.

69 3909 102 3973 l.
131 3899 280 3970 Hasna
311 3899 382 3970 hoc
412 3898 614 3971 humanum
631 3922 759 3996 genus,
787 3900 833 3971 ab
852 3901 1114 3997 imbecillitatis
1144 3923 1240 3974 saer.
1255 3920 1307 3971 111.

64 4011 226 4109 propriae
245 4011 470 4084 conscientia
483 4022 521 4084 et
538 4011 779 4085 admiratione
793 4025 992 4086 eventuum
1009 4028 1114 4088 natu-
1153 3997 1296 4104 „L

64 4126 212 4214 ralium,
237 4139 278 4199 nt
305 4126 470 4222 plerique
501 4125 654 4198 credant
682 4149 759 4197 esse
793 4126 958 4199 omnium
992 4152 1114 4199 rerum
1128 4137 1304 4259 nvffiffl

63 4239 268 4313 visibiliumw
284 4240 453 4335 opificem
470 4239 690 4312 invisibilem
707 4239 849 4324 Deum3
876 4264 986 4336 quem
1003 4241 1115 4315 etiam
1128 4269 1188 4313 aa.
1198 4272 1289 4312 aar..
