2760 4868
338 725 596 811 INDEX
646 723 1013 810 CAPITUM

448 953 580 1018 LIBRI
605 952 669 1016 DE
692 950 896 1018 HOMINE.

134 1296 173 1402 1.
191 1342 238 1401 De
251 1342 377 1402 Generis
390 1342 519 1400 Humani
533 1341 664 1419 Origine,
678 1351 733 1400 eto.
762 1377 774 1388 -
854 1376 866 1386 -
946 1375 958 1386 -
1036 1373 1049 1389 ·
1127 1374 1140 1388 -

139 1453 171 1508 2.
191 1447 240 1506 De
252 1447 347 1506 Linea
360 1447 468 1505 Visuaii
478 1456 508 1505 et
521 1446 710 1524 Perceptione
724 1446 825 1505 Motus
853 1478 866 1491 ·
944 1478 956 1493 ·
1036 1477 1048 1491 ·
1127 1479 1140 1492 ·

140 1558 171 1612 3.
193 1551 242 1610 De
255 1551 373 1629 Objeoti
385 1550 467 1610 Loco
480 1560 636 1628 apparente
648 1569 700 1628 per
713 1551 860 1609 Visionem
873 1549 1011 1608 directam
1128 1583 1140 1596 -

139 1662 172 1716 4.
193 1656 243 1715 De
256 1656 519 1733 Repraesenmtione
532 1655 649 1733 Objecti
662 1658 691 1714 in
706 1655 890 1732 Pempectiva
943 1689 956 1701 ·
1033 1689 1046 1704 ·
1127 1691 1139 1702 -

140 1767 172 1821 5.
193 1760 241 1819 De
254 1760 336 1819 Loco
349 1759 464 1837 Objecti
480 1770 635 1837 apparente
648 1762 677 1817 in
693 1760 823 1837 Speculis
836 1760 933 1820 Plania
952 1769 983 1821 et
995 1758 1140 1821 Conrexis

244 1883 296 1940 per
310 1864 516 1923 Refleotionem
582 1896 1140 1913 ·······
1179 1871 1220 1927 40

140 1971 174 2029 6.
194 1967 243 2027 De
262 1968 344 2027 Loco
364 1966 479 2046 Objecti
499 1977 656 2045 apparente
675 1987 728 2045 per
748 1967 955 2028 Reflectionem
969 1971 999 2027 in
1014 1968 1140 2047 Speculo

245 2074 383 2150 sphaerice
397 2090 525 2132 cononvo
581 2104 1141 2120 ·······
1180 2075 1218 2137 47

143 2180 175 2241 7.
195 2176 244 2235 De
257 2176 339 2236 Loco
351 2186 507 2253 apparente
521 2176 637 2254 Objecti
656 2176 719 2235 Visi
731 2195 784 2253 per
797 2175 1012 2235 Refractionem
1025 2178 1140 2236 unicam
1179 2182 1219 2239 59

142 2285 173 2341 8.
194 2280 242 2339 De
257 2280 374 2339 Visione
393 2289 458 2357 post
476 2281 547 2340 duas
567 2280 775 2350 Refractiones,
796 2283 856 2339 sive
876 2280 913 2339 de
933 2280 1064 2358 Dioptris
1080 2282 1142 2340 vul·

246 2386 363 2462 μῶυ,
398 2417 1140 2434 .........
1178 2390 1217 2448 65

142 2495 174 2551 9.
195 2488 244 2547 De
256 2490 388 2566 Dioptris
401 2489 561 2565 duplicatis,
571 2491 631 2548 sive
644 2489 681 2547 de
691 2489 860 2565 Telescopio
873 2497 903 2548 et
912 2489 1107 2566 Miorosnopio
1127 2524 1139 2537 ·
1179 2492 1218 2554 77

123 2599 174 2655 10.
196 2593 245 2653 De
260 2594 398 2653 Sermone
490 2619 1141 2643 ········
1180 2598 1219 2654 88

124 2705 175 2759 ll.
196 2698 245 2757 De
258 2700 400 2775 Appetitu
413 2706 444 2757 et
457 2698 538 2775 Fuga
580 2731 957 2746 ·····
1036 2732 1050 2779 .·
1128 2732 1140 2744 ·
1179 2703 1220 2761 94

124 2808 174 2863 12.
195 2802 243 2861 De
257 2803 429 2871 sitientibus,
441 2805 501 2861 sive
515 2803 783 2862 Perturbntionibus
797 2804 896 2862 Animi
946 2838 958 2850 ·
1037 2835 1050 2849 ·
1130 2806 1220 2862 -loo

124 2912 174 2967 13.
194 2907 243 2965 De
257 2907 384 2984 Ingeniis
396 2921 427 2965 et
439 2905 573 2966 Moribus
674 2939 1142 2956 ······
1163 2911 1217 2967 lll

122 3017 174 3072 14.
194 3011 244 3069 De
258 3011 410 3088 Religione
489 3045 501 3056 -
1165 3014 1221 3070 118

122 3120 173 3176 15.
194 3115 244 3173 De
259 3115 386 3172 Homine
401 3114 525 3181 Fictitio,
538 3115 598 3173 sive
612 3115 648 3173 de
662 3115 788 3174 Persona
858 3149 869 3160 -
949 3148 960 3161 -
1039 3147 1051 3161 ·
1130 3146 1142 3160 ·
1164 3119 1222 3175 180

493 3594 624 3660 LIBRI
649 3595 712 3660 DE
737 3594 858 3670 CIVE,

336 3780 340 3789 ¹
468 3774 526 3815 SUB
549 3774 668 3816 TITULO
690 3775 893 3816 Llnnnnnnls.

140 3892 169 3946 l.
193 3885 246 3942 De
261 3881 422 3941 Hominum
436 3882 520 3942 Statu
534 3894 615 3943 extra
626 3884 799 3944 Societatem
860 3917 872 3929 ·
952 3917 964 3930 -
1044 3918 1056 3929 -
1134 3916 1147 3930 ·

137 3997 171 4051 2.
195 3988 248 4048 De
262 3985 344 4064 Lege
355 3986 478 4047 Naturae
491 3991 569 4047 circa
583 3986 757 4047 Contractus
768 4020 1146 4034 ·····

138 4099 170 4153 3.
194 4092 247 4152 De
262 4089 390 4168 Legibus
404 4091 522 4151 Natnrae
537 4093 653 4170 reliquis
678 4124 1148 4139 ······

139 4203 170 4255 4.
193 4194 289 4260 Quod
303 4193 366 4252 Lex
381 4194 529 4255 Naturalis
544 4206 586 4256 est
599 4195 662 4255 Lex
676 4196 784 4255 Divina
863 4232 875 4242 -
954 4230 966 4241 -
1046 4230 1058 4241 -
1136 4229 1149 4242 -
