2760 4868
497 460 696 512 EPISTOLA
717 460 1014 513 DEDlCATORlA.

210 636 318 710 limis.
371 638 444 711 Diu
472 641 654 737 estquod
682 665 767 738 pars
794 642 895 738 prior
924 641 1022 738 typis
1049 651 1180 737 parata
1207 649 1300 712 erat.

209 788 286 861 Cur
316 812 417 885 ergo,
446 790 600 887 inquies,
627 815 711 865 cum
736 790 877 887 reliqua
901 789 1075 864 facillima
1103 801 1194 879 erat,
1223 800 1302 863 tam

208 939 272 1012 diu
302 940 502 1014 editionem
527 942 822 1038 expectavimus?
876 941 976 1016 Quid
995 941 1138 1015 interea
1153 941 1300 1015 fecisti?

206 1094 358 1166 Dicam:
377 1095 623 1192 ἐθηριομάχησα.
664 1094 758 1166 Sunt
772 1092 871 1166 enim
885 1104 922 1166 et
935 1093 1025 1166 mihi
1036 1093 1108 1166 mei
1121 1093 1302 1166 Demetrii

208 1254 246 1316 et
277 1244 489 1332 Alexandri,
518 1267 674 1340 quorum
708 1245 871 1342 ἐργασίαις
901 1243 1046 1317 obstare
1079 1243 1173 1316 velle
1206 1243 1300 1316 falso

206 1393 437 1466 existimatus
464 1417 555 1465 sum.
608 1393 706 1466 Dum
726 1417 815 1490 ergo
833 1392 1052 1465 clamoribus
1070 1405 1109 1466 et
1125 1393 1302 1466 conviciis

207 1541 353 1615 illorum
393 1542 598 1615 necessario
635 1542 907 1639 responderem,
946 1541 1034 1615 fecit
1073 1545 1302 1616 concertatio

206 1694 318 1791 longa
333 1705 375 1767 ut
392 1694 500 1767 nimis
517 1695 565 1766 sit
579 1694 692 1768 dilata
708 1693 832 1767 editio.
878 1694 1098 1782 statueram,
1110 1693 1302 1769 elementis

206 1843 264 1917 his
281 1844 329 1918 ad
351 1847 462 1918 finem
482 1846 681 1942 perductis,
698 1846 833 1942 stylum
855 1844 1024 1941 abjicere.
1077 1845 1151 1918 Sed
1170 1857 1214 1919 ut
1233 1847 1303 1919 ho-

206 1993 347 2066 minum
366 1995 618 2091 profitentium
635 1995 805 2068 scientias
821 2017 942 2068 mores
965 2016 1044 2067 esse
1064 2019 1164 2068 nunc
1180 1995 1301 2084 video,

207 2166 310 2241 spem
331 2144 431 2218 illam
456 2146 600 2242 abjicio,
618 2148 754 2243 stylum
776 2145 940 2229 retineo;
966 2167 1052 2217 nam
1075 2156 1113 2218 et
1128 2146 1209 2219 haec
1225 2146 1302 2220 for-

207 2307 304 2368 tasse
321 2295 551 2369 defendenda
561 2308 682 2371 erunt.
723 2295 918 2369 Sacrificiis
936 2295 1146 2391 importune
1157 2319 1302 2393 semper

206 2445 355 2519 fuerunt
373 2471 518 2521 muscae.
571 2448 716 2520 Faciam
739 2469 839 2542 ergo,
856 2456 898 2518 ut
921 2444 1155 2518 Domitianus
1179 2446 1302 2543 Impe-

207 2606 332 2681 rator;
371 2598 553 2693 configam
587 2596 681 2694 stylo
717 2619 873 2669 muscas.
937 2595 996 2667 lta
1028 2593 1191 2690 inquam,
1226 2596 1299 2670 nisi

210 2745 354 2820 dederis
371 2758 413 2820 tu
431 2747 530 2843 quod
546 2771 654 2844 agam
671 2746 812 2820 melius.
865 2746 956 2820 Sum
973 2744 1081 2835 enim,

605 2897 840 2971 Excellentiae
857 2910 931 2970 tuae

704 3049 839 3121 Servus
856 3048 1090 3137 humillimus,

856 3198 1033 3272 Tnomas
1063 3198 1247 3271 Hoanns.

247 3399 304 3456 Die
319 3402 357 3457 24
371 3398 461 3464 lunii,
478 3401 562 3457 1658.
